<?xml version="1.0" encoding="UTF-8"?><collection xmlns="http://www.loc.gov/MARC21/slim"><record><leader>00787nam--2200193-i-4500</leader><controlfield tag="001">000026533</controlfield><controlfield tag="002">20161230</controlfield><controlfield tag="005">20161230201036</controlfield><controlfield tag="008">060222s1000------------r-----000-0-eng-d</controlfield><datafield ind1=" " ind2=" " tag="040"><subfield code="a">IFIN-HH</subfield></datafield><datafield ind1=" " ind2=" " tag="080"><subfield code="a">535.37</subfield></datafield><datafield ind1="1" ind2=" " tag="100"><subfield code="a">Riehl,N</subfield></datafield><datafield ind1="1" ind2="0" tag="245"><subfield code="a">Internationales lumineszenz-symposium uber die physik und chemie der szintillatoren; international symposium on luminiscence the physics and chemistry of scintilators; symposium international de luminiscence la physique et la chimie des scintillateurs</subfield><subfield code="b">5.-9. september 1965 munchen</subfield><subfield code="c">N. riehl, h. kallmann, h. vogel</subfield></datafield><datafield ind1=" " ind2=" " tag="260"><subfield code="a">Munchen</subfield><subfield code="b">Verlag Karl Thiemig Kg</subfield><subfield code="c">1966</subfield></datafield><datafield ind1=" " ind2=" " tag="300"><subfield code="a">XV + 471P</subfield></datafield><datafield ind1=" " ind2=" " tag="500"><subfield code="a">Contine Capitole In Germana, Engleza Sau Franceza</subfield></datafield><datafield ind1="1" ind2=" " tag="700"><subfield code="a">Vogel, H</subfield></datafield><datafield ind1=" " ind2=" " tag="852"><subfield code="a">24472</subfield><subfield code="c">535</subfield></datafield><datafield ind1=" " ind2=" " tag="CAT"><subfield code="a">Sys</subfield><subfield code="c">20101025</subfield><subfield code="h">114017</subfield></datafield></record></collection>